
@article{Eigen1971,
  title={Selforganization of matter and the evolution of biological macromolecules},
  author={Eigen, Manfred},
  journal={Naturwissenschaften},
  volume={58},
  number={10},
  pages={465--523},
  year={1971},
  publisher={Springer}
}

@article{Knuth1968,
  title={Semantics of Context-free Languages},
  author={Knuth, Donald E},
  journal={Mathematical Systems Theory},
  volume={2},
  number={2},
  pages={127--145},
  year={1968},
  publisher={Springer}
}



@article {ARIS:ARIS1440370103,
author = {Chowdhury, Gobinda G.},
title = {Natural language processing},
journal = {Annual Review of Information Science and Technology},
volume = {37},
number = {1},
publisher = {Wiley Subscription Services, Inc., A Wiley Company},
issn = {1550-8382},
url = {http://dx.doi.org/10.1002/aris.1440370103},
doi = {10.1002/aris.1440370103},
pages = {51--89},
year = {2003},
}


